@comment{x-kbibtex-personnameformatting=<%l><, %f>}

@article{Delangre06,
	author = "Py, C. and {De Langre}, E. and Moulia, B.",
	journal = "J. Fluid Mech.",
	pages = "425--449",
	title = "{A frequency lock-in mechanism in the interaction between wind and crop canopies}",
	volume = "568",
	year = "2006"
}

@article{Delangre04,
	author = "Py, C. and {De Langre}, E. and Moulia, B.",
	journal = "Elevier",
	pages = "613--618",
	title = "{The mixing layer instability of wind over a flexible crop canopy}",
	year = "2004"
}

@article{Raupach96,
	author = "Raupach, M. R. and Finnigan, J. J. and Y.Brunet",
	journal = "Boundary-Layer Meteorology",
	pages = "351--382",
	title = "{Cohrent eddies and turbulence in vegetation canopies: The mixing layer analogy}",
	volume = "78",
	year = "1996"
}

@article{Nepf99,
	author = "Nepf, H. M.",
	journal = "Water resources research",
	number = "2",
	pages = "479--489",
	publisher = "Wiley Online Library",
	title = "{Drag, turbulence, and diffusion in flow through emergent vegetation}",
	volume = "35",
	year = "1999"
}

@article{Nepf00,
	author = "Nepf, H. M. and Vivoni, E. R.",
	journal = "J. Geophys. Res.",
	pages = "28,547--28,557",
	title = "{Flow structure in depth-limited vegetated flow}",
	volume = "105",
	year = "2000"
}

@article{Ghisal02,
	author = "Ghisalberti, M. and Nepf, H. M.",
	journal = "J. Geophys. Res.",
	title = "{Mixing layer and cohrent structures in vegetated aquatic flows}",
	volume = "107",
	year = "2002"
}

@article{Nepf04,
	author = "Ghisalberti, M. and Nepf, H. M.",
	journal = "Water Resources Research",
	number = "7",
	pages = "",
	publisher = "Wiley Online Library",
	title = "{The limited growth of vegetated shear layers}",
	volume = "40",
	year = "2004"
}

@article{Nepf06,
	author = "Ghisalberti, M. and Nepf, H. M.",
	journal = "Enviornmental Fluid Mechanics",
	pages = "277--301",
	title = "{The sructures of shear layer in flows over rigid and flexible canopies}",
	year = "2006"
}

@article{Nepf07,
	author = "Nepf, H. M. and White, B. and Murphy, E.",
	journal = "Water Resources Research",
	title = "{Retention time and dispersion associated with submerged aquatic canopies}",
	volume = "43",
	year = "2007"
}

@article{Nepf08,
	author = "White, B. L. and Nepf, H. M.",
	journal = "Water Resources Research",
	number = "1",
	publisher = "Wiley Online Library",
	title = "{A vortex-based model of velocity and shear stress in a partially vegetated shallow channel}",
	volume = "44",
	year = "2008"
}

@article{Nepf08_2,
	author = "Ghisalberti, M. and Nepf, H. M.",
	journal = "Versita",
	pages = "753--777",
	title = "{Flow and transport in channels with submerged vegetation}",
	volume = "56",
	year = "2008"
}

@article{Nepf2012,
	author = "Nepf, H. M.",
	journal = "Annual Review of Fluid Mechanics",
	pages = "123--142",
	publisher = "Annual Reviews",
	title = "{Flow and transport in regions with aquatic vegetation}",
	volume = "44",
	year = "2012"
}

@article{Garry74,
	author = "Brown, G. L. and Roshko, Antol",
	journal = "J. Fluid Mech.",
	pages = "775--816",
	title = "{On density effects and large structure in turbulent mixing layers}",
	volume = "64",
	year = "1974"
}

@article{Fon87,
	author = "Foneseca, M. S. and Kenworthy, W. J.",
	journal = "Aquat. Bot.",
	title = "{Effect of current on photosynthesis and disribution of sea grass}",
	year = "1987"
}

@article{Raupach94,
	author = "Brunet, Y. and Finnigan, J. J. and Raupach, M.R.",
	journal = "Boundary-Layer Meteorology",
	pages = "95--132",
	title = "{A wind tunnel study of air flow in waving wheat: single point velocity statistics}",
	volume = "70",
	year = "1994"
}

@article{Raupach11,
	author = "Bohm, M. and Finnigan, J. J. and Raupach, M. R. and Hughes, D.",
	journal = "Boundary-Layer Meteorol.",
	pages = "393--419",
	title = "{Turbulence sructure within and above a canopy of bluff elements}",
	volume = "146",
	year = "2013"
}

@article{Zhuang93,
	author = "Zhuang, Y. and Amiro, B. D.",
	journal = "J. of Applied Meteorology",
	pages = "704--711",
	title = "{Pressure Fluctuations during Coherent Motions and Their Effects on the Budgets of Turbulent Kinetic Energy and Momentum Flux with in a Forest Canopy}",
	volume = "33"
}

@article{Ho&Huerre84,
	author = "Ho, C-M and Huerre, P.",
	journal = "Ann. Rev. Fluid Mech.",
	pages = "365--424",
	title = "{Perturbed Free Shear Layers}",
	volume = "16",
	year = "1984"
}

@article{AckermanOkubo93,
	author = "Ackerman, J. D. and Okubo, A.",
	journal = "Functional Ecology",
	pages = "305--309",
	title = "{Reduced mixing in a marine macrophyte canopy}",
	volume = "7",
	year = "1993"
}

@article{Fonseca87,
	author = "Fonseca, M. S. and Kenworthy, W. J.",
	issn = "0304-3770",
	journal = "Aquatic Botany",
	note = "Environmental Impacts On Seagrasses",
	number = "1",
	pages = "59--78",
	title = "{Effects of current on photosynthesis and distribution of seagrasses}",
	volume = "27",
	year = "1987"
}

@article{Grizzle96,
	author = "Grizzle, R. E. and Short, F. T. and Newell, C. R. and Hoven, H. and Kindblom, L.",
	issn = "0022-0981",
	journal = "Journal of Experimental Marine Biology and Ecology",
	number = "1--2",
	pages = "165--177",
	title = "{Hydrodynamically induced synchronous waving of seagrasses: {\lq}monami{\rq} and its possible effects on larval mussel settlement}",
	volume = "206",
	year = "1996"
}

@article{Inoue56,
	author = "Inoue, E.",
	journal = "J. of Agri. Meteor.",
	number = "4",
	pages = "147--151",
	title = "{Studies of the Phenomena of Waving Plants Caused by Wind}",
	volume = "11",
	year = "1956"
}

@mastersthesis{Vivoni98,
	author = "Vivoni, E. R.",
	school = "MIT",
	title = "{Turbulence Structure of a Model Seagrass Meadow}",
	year = "1998"
}

@article{Wilson88,
	author = "Wilson, J. D.",
	journal = "Boundary-Layer Meteorology",
	number = "4",
	pages = "371--392",
	publisher = "Springer",
	title = "{A second-order closure model for flow through vegetation}",
	volume = "42",
	year = "1988"
}

@article{White07,
	author = "White, B. L. and Nepf, H. M.",
	journal = "Journal of Fluid Mechanics",
	pages = "1--32",
	publisher = "Cambridge Univ Press",
	title = "{Shear instability and coherent structures in shallow flow adjacent to a porous layer}",
	volume = "593",
	year = "2007"
}

@phdthesis{Fonseca98,
	author = "Fonseca, M.",
	school = "University of California, Berkeley",
	title = "{Exploring the basic pattern expression in seagrass landscape}",
	year = "1998"
}

@article{Drazin81,
	author = "Drazin, P. G. and Reid, W. H.",
	journal = "Cambridge U. Press, Cambridge",
	title = "{Hydrodynamic stability}",
	year = "1981"
}

@article{Okamoto12,
	author = "Okamoto, T. and Nezu, I. and Ikeda, H.",
	journal = "Journal of Hydro-environment Research",
	number = "4",
	pages = "287--297",
	publisher = "Elsevier",
	title = "{Vertical mass and momentum transport in open-channel flows with submerged vegetations}",
	volume = "6",
	year = "2012"
}

@article{Okamoto09,
	author = "Okamoto, T. and Nezu, I.",
	journal = "Journal of Hydraulic Research",
	number = "6",
	pages = "798--810",
	publisher = "Taylor \& Francis",
	title = "{Turbulence structure and ``Monami'' phenomena in flexible vegetated open-channel flows}",
	volume = "47",
	year = "2009"
}

@article{Ikeda96,
	author = "Ikeda, S. and Kanazawa, M.",
	journal = "Journal of Hydraulic Engineering",
	number = "11",
	pages = "634--640",
	publisher = "American Society of Civil Engineers",
	title = "{Three-dimensional organized vortices above flexible water plants}",
	volume = "122",
	year = "1996"
}

@article{Rayleigh1879,
	author = "{Rayleigh}",
	journal = "Proceedings of the London Mathematical Society",
	number = "1",
	pages = "57--72",
	publisher = "Oxford University Press",
	title = "{On the stability, or instability, of certain fluid motions}",
	volume = "1",
	year = "1879"
}

@article{Chen97,
	author = "Chen, D. and Jirka, G. H.",
	journal = "Journal of Fluid Mechanics",
	pages = "157--172",
	publisher = "Cambridge Univ Press",
	title = "{Absolute and convective instabilities of plane turbulent wakes in a shallow water layer}",
	volume = "338",
	year = "1997"
}

@article{Chu91,
	author = "Chu, V. H. and Wu, {J-H} and Khayat, R. E.",
	journal = "Journal of Hydraulic Engineering",
	number = "10",
	pages = "1370--1388",
	publisher = "American Society of Civil Engineers",
	title = "{Stability of transverse shear flows in shallow open channels}",
	volume = "117",
	year = "1991"
}

@article{Gosselin2009,
  title={Destabilising effects of plant flexibility in air and aquatic vegetation canopy flows},
  author={Gosselin, F. and {De~Langre}, E.},
  journal={European Journal of Mechanics-B/Fluids},
  volume={28},
  number={2},
  pages={271--282},
  year={2009},
  publisher={Elsevier}
}

@article{Krechetnikov2007,
  title={Dissipation-induced instabilities in finite dimensions},
  author={Krechetnikov, R. and Marsden, J. E.},
  journal={Reviews of Modern Physics},
  volume={79},
  number={2},
  pages={519},
  year={2007},
  publisher={APS}
}

@book{Hinch1991,
  title={Perturbation methods},
  author={Hinch, E. J.},
  year={1991},
  publisher={Cambridge university press}
}
