@article{Delangre06,
author = {Charlotte Py, Emmanuel De Langre, Bruno Moulia},
title = {A frequency lock-in mechanism in the interaction between wind and crop canopies},
journal = {J. Fluid Mech.},
volume = {568},
pages = {425-449},
year = {2006}
}

@article{Delangre04,
author = {Charlotte Py, Emmanuel De Langre, Bruno Moulia},
title = {The mixing layer instability of wind over a flexible crop canopy},
journal = {Elevier},
pages= {613-618},
year = {2004}
}

@article{Raupach96,
author = {M.R. Raupach, J.J. Finnigan, Y.Brunet},
title = {cohrent eddies and turbulence in vegetation canopies: The mixing layer analogy},
journal = {Boundary-Layer Meteorology},
volume = {78},
pages = {351-382},
year = {1996}
}


@article{Nepf99,
author = {Nepf, H.M.,},
title = {Drag, turbulence and diffusion in flow through emergent vegetation},
journal = {Water Resour. Res.},
volume = {35},
pages = {479-489},
Year = {1999}
}

@article{Nepf00,
author = {Heidi M. Nepf, E. R. Vivoni},
title = {Flow structure in depth-limited vegetated flow},
journal = {J. Geophys. Res. },
volume = {105},
pages = {28,547-28,557},
year = {2006}
}

@article{Ghisal02,
author = {Macro Ghisalberti, Heidi M. Nepf},
title = {Mixing layer and cohrent structures in vegetated aquatic flows},
journal = {J. Geophys. Res.},
Volume = {107},
year = {2002}
}
@article{Nepf04,
author = {M. Ghisalberti and H.M. Nepf},
title = {The limited growth of vegetated shear layers},
journal = {Water Resources Research},
volume = {40}
}

@article{Nepf06,
author = {Heidi M. Nepf, Marco Ghisalberti},
title = {The sructures of shear layer in flows over rigid and flexible canopies},
journal = {Enviornmental Fluid Mechanics},
pages = {277-301},
year = {2006}
}



@article{Nepf07,
author = {Heidi M. Nepf, Brian White, E. Murphy},
title = {Retention time and dispersion associated with submerged aquatic canopies},
journal = {Water Resources Research},
Volume = {43},
year = {2007}
}

@article{Nepf08,
author = {Brian L. White, Heidi M. Nepf},
title = {A vortex-based model of velocity and shear stress in a partially vegetated shallow channel},
journal = {Water Resource Res.},
volume = {44},
year = {2008}
}

@article{Nepf08_2,
author = {Marco Ghisalberti, Heidi M. Nepf},
title = {Flow and transport in channels with submerged vegetation},
journal = {Versita},
volume = {56},
pages = {753-777},
year = {2008},
}

@article{Garry74,
author = {Garry L. Brown, Antol roshko},
title = {On density effects and large structure in turbulent mixing layers},
journal = {J. Fluid Mech.},
volume = {64},
pages = {775-816},
year = {1974}
}

article {Fon87,
author = {Foneseca,M.S., W.J Kenworthy },
title = {Effect of current on photosynthesis and disribution of sea grass},
journal = {Aquat. Bot.},
year = {1987}
}

@article {Finn79a
author = {Finnigan, J.J.},
title = {Turbulence in waving wheat, I, Mean statistics and honami}
journal = {Boundary Layer Meteorol}
Year = {1979a.}
}

@article{Raupach94,
author = {Y. Brunet, J.J. Finnigan and M.R. Raupach},
title = {A wind tunnel study of air flow in waving wheat: single point velocity statistics},
journal = {Boundary-Layer Meteorology},
volume = {70},
pages = {95-132},
year = {1994}
}


@article{Raupach11,
author = {Margi Bohm, J.J. Finnigan, M.R. Raupach and Dale Hughes},
title = {Turbulence sructure within and above a canopy of bluff elements},
journal = {Boundary-Layer Meteorol},
year = {2013},
volume = {146},
pages = {393-419}
}

article{Ackerman93,
author = {J.D. Ackerman and A. Okubo},
title = {Reduced mixing in a marine macrophyte canopy},
journal = {Functional Ecology},
year = {1993},
volume = {7},
pages = {305-309}
}

article{Zhuang93,
author = {Y. Zhuang and B.D. Amiro},
title = {Pressure Fluctuaions during Coherent Motions and Their Effects on the Budgets of Turbulent 
Kinetic Energy and Momentum Flux with in a Forest Canopy},
journal = {J. of Applied Meteorology},
volume = {33},
pages = {704-711}
}

@article{Ho&Huerre84,
author = {Chih-Ming Ho and Patrick Huerre},
title = {Perturbed Free Shear Layers},
journal = {Ann. Rev. Fluid Mech.},
volume = {16},
pages = {365-424},
year = {1984}
}

@article{AckermanOkubo93,
author = {J.D. Ackerman and Okubo},
title = {Reduced mixing in a marine macrophyte canopy},
journal = {Functional Ecology},
volume = {7},
pages = {305-309},
year = {1993}
}
